<record><leader>00000cas a22000007a 4500</leader><controlfield tag="001">12249588</controlfield><controlfield tag="008">850710d19171996paudr ne      0   a0eng d</controlfield><datafield ind1=" " ind2=" " tag="010"><subfield code="a">sn 85055014 </subfield></datafield><datafield ind1=" " ind2=" " tag="040"><subfield code="a">PLF</subfield><subfield code="b">eng</subfield><subfield code="c">PLF</subfield><subfield code="d">NPH</subfield><subfield code="d">NSD</subfield><subfield code="d">NPH</subfield><subfield code="d">NPX</subfield><subfield code="d">OCL</subfield><subfield code="d">NPH</subfield><subfield code="d">NSD</subfield><subfield code="d">NPH</subfield><subfield code="d">DLC</subfield><subfield code="d">OCL</subfield><subfield code="d">NSD</subfield><subfield code="d">PIT</subfield><subfield code="d">OCLCQ</subfield><subfield code="d">DLC</subfield><subfield code="d">OCLCF</subfield></datafield><datafield ind1=" " ind2=" " tag="012"><subfield code="b">3</subfield><subfield code="j">1</subfield><subfield code="m">1</subfield></datafield><datafield ind1=" " ind2=" " tag="019"><subfield code="a">2261755</subfield><subfield code="a">12959447</subfield><subfield code="a">14268910</subfield><subfield code="a">14268971</subfield><subfield code="a">14269067</subfield></datafield><datafield ind1="1" ind2=" " tag="022"><subfield code="a">0887-7939</subfield><subfield code="l">0887-7939</subfield><subfield code="2">1</subfield></datafield><datafield ind1="1" ind2=" " tag="029"><subfield code="a">AU@</subfield><subfield code="b">000044352520</subfield></datafield><datafield ind1="1" ind2=" " tag="029"><subfield code="a">NZ1</subfield><subfield code="b">16075644</subfield></datafield><datafield ind1=" " ind2=" " tag="032"><subfield code="a">181080</subfield><subfield code="b">USPS</subfield></datafield><datafield ind1=" " ind2=" " tag="037"><subfield code="b">Patriot News Co., 812 Market St., Harrisburg, Pa. 17101</subfield></datafield><datafield ind1=" " ind2=" " tag="042"><subfield code="a">msc</subfield><subfield code="a">nsdp</subfield></datafield><datafield ind1=" " ind2=" " tag="043"><subfield code="a">n-us-pa</subfield></datafield><datafield ind1="0" ind2="0" tag="050"><subfield code="a">Newspaper</subfield></datafield><datafield ind1="0" ind2=" " tag="130"><subfield code="a">Evening news (Harrisburg, Pa.)</subfield></datafield><datafield ind1=" " ind2="4" tag="222"><subfield code="a">The Evening news</subfield><subfield code="b">(Harrisburg, Pa.)</subfield></datafield><datafield ind1="1" ind2="4" tag="245"><subfield code="a">The evening news.</subfield></datafield><datafield ind1="0" ind2="0" tag="246"><subfield code="a">Sunday patriot news</subfield></datafield><datafield ind1="0" ind2="0" tag="246"><subfield code="a">Patriot the evening news</subfield></datafield><datafield ind1=" " ind2=" " tag="260"><subfield code="a">Harrisburg, Pa. :</subfield><subfield code="b">Patriot News Co.,</subfield><subfield code="c">1917-</subfield></datafield><datafield ind1=" " ind2=" " tag="300"><subfield code="a">v. :</subfield><subfield code="b">ill.</subfield></datafield><datafield ind1=" " ind2=" " tag="310"><subfield code="a">Daily,</subfield><subfield code="b">1949-</subfield></datafield><datafield ind1=" " ind2=" " tag="321"><subfield code="a">Daily (except Sun.)</subfield><subfield code="b">1917-1949</subfield></datafield><datafield ind1="0" ind2=" " tag="362"><subfield code="a">No. 1 (Feb. 15, 1917)-</subfield></datafield><datafield ind1="1" ind2=" " tag="362"><subfield code="a">Ceased in Dec. 1996.</subfield></datafield><datafield ind1=" " ind2=" " tag="515"><subfield code="a">Sunday issue has own numbering.</subfield></datafield><datafield ind1=" " ind2=" " tag="580"><subfield code="a">Sunday issue published in multiple editions in conjunction with: Patriot (Harrisburg, Pa. : Daily), entitled: Sunday patriot-news, 1949-</subfield></datafield><datafield ind1=" " ind2=" " tag="580"><subfield code="a">Flood ed. published in conjunction with: Patriot (Harrisburg, Pa. : Daily), as: Patriot-the evening news, June 28-July 3,1972.</subfield></datafield><datafield ind1=" " ind2="0" tag="651"><subfield code="a">Harrisburg (Pa.)</subfield><subfield code="v">Newspapers.</subfield></datafield><datafield ind1=" " ind2="7" tag="655"><subfield code="a">Newspapers.</subfield><subfield code="2">fast</subfield><subfield code="0">(OCoLC)fst01423814</subfield></datafield><datafield ind1=" " ind2="7" tag="651"><subfield code="a">Pennsylvania</subfield><subfield code="z">Harrisburg.</subfield><subfield code="2">fast</subfield><subfield code="0">(OCoLC)fst01204725</subfield></datafield><datafield ind1=" " ind2=" " tag="752"><subfield code="a">United States</subfield><subfield code="b">Pennsylvania</subfield><subfield code="c">Dauphin</subfield><subfield code="d">Harrisburg.</subfield></datafield><datafield ind1="0" ind2="0" tag="780"><subfield code="t">News (Harrisburg, Pa.)</subfield><subfield code="w">(DLC)sn 90069203</subfield></datafield><datafield ind1="0" ind2="7" tag="785"><subfield code="t">Patriot (Harrisburg, Pa. : Daily)</subfield><subfield code="w">(DLC)sn 86081747</subfield><subfield code="w">(OCoLC)12961063</subfield></datafield><datafield ind1="0" ind2="7" tag="785"><subfield code="t">Patriot-news (Harrisburg, Pa.)</subfield><subfield code="w">(DLC)sn 97046003</subfield></datafield><datafield ind1="1" ind2=" " tag="787"><subfield code="t">Patriot (Harrisburg, Pa. : Daily)</subfield><subfield code="x">1041-4029</subfield><subfield code="w">(DLC)sn 86081747</subfield><subfield code="w">(OCoLC)12961063</subfield></datafield></record>